<record><leader>00000cas a22000007a 4500</leader><controlfield tag="001">17246665</controlfield><controlfield tag="008">871216d191u19uuohuwr ne      0    0eng d</controlfield><datafield ind1=" " ind2=" " tag="010"><subfield code="a">sn 87076926 </subfield></datafield><datafield ind1=" " ind2=" " tag="040"><subfield code="a">ONP</subfield><subfield code="b">eng</subfield><subfield code="c">ONP</subfield><subfield code="d">OCLCQ</subfield></datafield><datafield ind1=" " ind2=" " tag="042"><subfield code="a">msc</subfield></datafield><datafield ind1="0" ind2=" " tag="130"><subfield code="a">Daily telegram (Mechanicsburg, Ohio)</subfield></datafield><datafield ind1="1" ind2="4" tag="245"><subfield code="a">The Daily telegram.</subfield></datafield><datafield ind1=" " ind2=" " tag="260"><subfield code="a">Mechanicsburg, Ohio :</subfield><subfield code="b">C.C. Slater</subfield></datafield><datafield ind1=" " ind2=" " tag="300"><subfield code="a">v.</subfield></datafield><datafield ind1=" " ind2=" " tag="310"><subfield code="a">Weekly,</subfield><subfield code="b">&lt;1957&gt;-</subfield></datafield><datafield ind1=" " ind2=" " tag="321"><subfield code="a">Daily (except Sun.),</subfield><subfield code="b">-&lt;1924&gt;</subfield></datafield><datafield ind1=" " ind2=" " tag="321"><subfield code="a">Daily (except Sat. &amp; Sun.),</subfield><subfield code="b">&lt;1925-1952&gt;</subfield></datafield><datafield ind1=" " ind2=" " tag="321"><subfield code="a">Daily (except Sat., Sun. &amp; Tues.),</subfield><subfield code="b">&lt;1952-1956&gt;</subfield></datafield><datafield ind1=" " ind2=" " tag="588"><subfield code="a">Description based on: Vol. 27, no. &lt;296&gt; (Jan. 10, 1920).</subfield></datafield><datafield ind1=" " ind2="4" tag="651"><subfield code="a">Mechanicsburg (Ohio)</subfield><subfield code="v">Newspapers.</subfield></datafield><datafield ind1=" " ind2="4" tag="651"><subfield code="a">Champaign County (Ohio)</subfield><subfield code="v">Newspapers.</subfield></datafield><datafield ind1=" " ind2=" " tag="752"><subfield code="a">United States</subfield><subfield code="b">Ohio</subfield><subfield code="c">Champaign</subfield><subfield code="d">Mechanicsburg.</subfield></datafield><datafield ind1="0" ind2="0" tag="780"><subfield code="t">Morning telegram (Mechanicsburg, Ohio)</subfield><subfield code="w">(DLC)sn 87076925</subfield></datafield><datafield ind1="0" ind2="0" tag="785"><subfield code="t">Telegram (Mechanicsburg, Ohio)</subfield><subfield code="w">(DLC)sn 87076927</subfield></datafield><datafield ind1="1" ind2=" " tag="029"><subfield code="a">AU@</subfield><subfield code="b">000025802961</subfield></datafield></record>